% Encoding: UTF-8
@Report{Greif2022,
  author = {Greif, Sacha and Burel, Eric},
  date   = {2022},
  title  = {State of JS Survey 2022},
  type   = {resreport},
}

@Comment{jabref-meta: databaseType:biblatex;}
