% Encoding: UTF-8

@Article{SabiEtAl2016,
  author       = {Sabi, Humphrey M. and Uzoka, Faith-Michael E. and Langmia, Kehbuma and Njeh, Felix M.},
  title        = {Conceptualizing a model for adoption of cloud computing in education},
  journaltitle = {International Journal of Information Management},
  year         = {2016},
  volume       = {36},
  number       = {2},
  pages        = {183--191},
  doi          = {10.1016/j.ijinfomgt.2015.11.010},
  url          = {http://www.sciencedirect.com/science/article/pii/S0268401215001115},
}

@Online{LewisFowler2014,
  author    = {Lewis, James and Fowler, Martin},
  title     = {Microservices: a definition of this new architectural term},
  date      = {2014-03-25},
  url       = {http://martinfowler.com/articles/microservices.html},
  urldate   = {2016-09-01},
}

@Online{Hykes2013,
  author    = {Solomon Hykes},
  title     = {The future of Linux Containers (PyCon 2013)},
  date      = {2013-03-21},
  url       = {https://www.youtube.com/watch?v=wW9CAH9nSLs},
  urldate   = {2016-09-01},
}
@Report{Greif2022,
  author = {Greif, Sacha and Burel, Eric},
  date   = {2022},
  title  = {State of JS Survey 2022},
  type   = {resreport},
}
@inproceedings{Gackenheimer2013,
  title={Understanding Node.js},
  author={Cory Gackenheimer},
  year={2013},
  url={https://api.semanticscholar.org/CorpusID:60096965}
}
@book{Syed2014,
  title={Beginning Node. js},
  author={Syed, Basarat},
  year={2014},
  publisher={Apress}
}

@book{Osmani2012,
  title={Learning JavaScript Design Patterns: A JavaScript and jQuery Developer's Guide},
  author={Osmani, Addy},
  year={2012},
  publisher={" O'Reilly Media, Inc."}
}
@article{Wittern2016,
  title={A Look at the Dynamics of the JavaScript Package Ecosystem},
  author={Erik Wittern and Philippe Suter and Shriram Rajagopalan},
  journal={2016 IEEE/ACM 13th Working Conference on Mining Software Repositories (MSR)},
  year={2016},
  pages={351-361},
  url={https://api.semanticscholar.org/CorpusID:17875636}
}
@Online{Mozilla2023,
  author = {{Mozilla}},
  date   = {2023-11-15},
  title  = {Javascript},
  url    = {https://developer.mozilla.org/en-US/docs/Web/JavaScript},
}


@Comment{jabref-meta: databaseType:biblatex;}
