% Encoding: UTF-8

@Report{Greif2022,
  author = {Greif, Sacha and Burel, Eric},
  date   = {2022},
  title  = {State of JS Survey 2022},
  type   = {resreport},
}
@inproceedings{Gackenheimer2013,
  title={Understanding Node.js},
  author={Cory Gackenheimer},
  year={2013},
  url={https://api.semanticscholar.org/CorpusID:60096965}
}
@book{Syed2014,
  title={Beginning Node. js},
  author={Syed, Basarat},
  year={2014},
  publisher={Apress}
}

@book{Osmani2012,
  title={Learning JavaScript Design Patterns: A JavaScript and jQuery Developer's Guide},
  author={Osmani, Addy},
  year={2012},
  publisher={" O'Reilly Media, Inc."}
}
@article{Wittern2016,
  title={A Look at the Dynamics of the JavaScript Package Ecosystem},
  author={Erik Wittern and Philippe Suter and Shriram Rajagopalan},
  journal={2016 IEEE/ACM 13th Working Conference on Mining Software Repositories (MSR)},
  year={2016},
  pages={351-361},
  url={https://api.semanticscholar.org/CorpusID:17875636}
}
@Online{Mozilla2023,
  author = {{Mozilla}},
  date   = {2023-11-15},
  title  = {Javascript},
  url    = {https://developer.mozilla.org/en-US/docs/Web/JavaScript},
}
@article{Christopher,
  author = {Christopher, Esther},
  date   = {2023-05-30},
  title  = {How Does JavaScript Work Behind the Scenes? JS Engine and Runtime Explained},
}
@book{Ali2013,
  title={Instant Node Package Manager},
  author={Ali, Juzer},
  year={2013},
  publisher={Packt Publishing Ltd}
}

@Online{McDonnel2023,
  author = {Colin McDonnel},
  date   = {2023-02-24},
  editor = {Colin McDonnel},
  title  = {What is Bun?},
  url    = {https://bun.sh/docs},
}


@article{Pizlo2020,
  title={Speculation in javascriptcore},
  author={Pizlo, Filip},
  journal={URL: https://webkit. org/blog/10308/speculation-in-javascriptcore},
  year={2020}
}

@MastersThesis{Feroj2023,
  author      = {Feroj,Ahmod},
  date        = {2023},
  institution = {Tampere University},
  title       = {JavaScript runtime performance analysis: Node and Bun},
}
@Online{Dahl2021,
  author = {Dahl,Ryan and Belder,Bert},
  date   = {2021-03-29},
  editor = {Dahl,Ryan and Belder,Bert},
  title  = {Announching the Deno company},
  url    = {https://deno.com/blog/the-deno-company},
}
@Manual{DenoLand2023,
  author = {{Deno Land}},
  date   = {2023-08-01},
  editor = {{Deno Land}},
  title  = {Deno Manual},
}
@Thesis{VanKerkvoorde2021,
  author      = {Van Kerkvoorde, Jordy},
  date        = {2021},
  institution = {Hogeschool Gent},
  title       = {Deno als vervanger voor Node.js: een vergelijkende studie},
  type        = {eindwerk},
}







@Comment{jabref-meta: databaseType:biblatex;}
